@inproceedings{cav-pgf,
	title = {Does a program yield the right distribution? Verifying
	         probabilistic programs via generating functions},
	author = {Chen Mingshuai and Katoen Joost-Pieter and Klinkenberg Lutz and
	          Winkler Tobias},
	booktitle = {International Conference on Computer Aided Verification},
	pages = {79--101},
	year = {2022},
	organization = {Springer},
}

@inproceedings{lafi-inf,
	title = {Exact Probabilistic Inference Using Generating Functions},
	author = {Lutz Klinkenberg and Tobias Winkler and Mingshuai Chen and
	          Joost-Pieter Katoen},
	booktitle = {{LAFI}},
	year = {2023},
	note = {[Extended Abstract]},
}

@article{OOPSLA2024-inf-loop,
	title = {Exact Bayesian Inference for Loopy Probabilistic Programs using
	         Generating Functions},
	author = {Lutz Klinkenberg and Christian Blumenthal and Mingshuai Chen and
	          Darion Haase and Joost-Pieter Katoen},
	journal = {Proc. {ACM} Program. Lang.},
	number = {{OOPSLA1}},
	volume = {8},
	_pages = {xx--xx},
	_articleno = {127},
	_numpages = {54},
	year = {2024},
}

@book{gfbook,
	title = {generatingfunctionology},
	author = {Wilf, Herbert S},
	year = {2005},
	publisher = {CRC press},
}
@book{pgclbook,
	author = {McIver, Annabelle and Morgan, Carroll},
	title = {Abstraction, Refinement And Proof For Probabilistic Systems
	         (Monographs in Computer Science)},
	year = {2004},
	isbn = {0387401156},
	publisher = {SpringerVerlag},
}	
